<?xml version="1.0" encoding="UTF-8"?><collection xmlns="http://www.loc.gov/MARC21/slim"><record><leader>00465nam--2200169-i-4500</leader><controlfield tag="001">000033872</controlfield><controlfield tag="002">20161230</controlfield><controlfield tag="005">20161230201039</controlfield><controlfield tag="008">060222s1000------------r-----000-0-eng-d</controlfield><datafield ind1=" " ind2=" " tag="040"><subfield code="a">IFIN-HH</subfield></datafield><datafield ind1=" " ind2=" " tag="080"><subfield code="a">535.853(03):543.42(03)</subfield></datafield><datafield ind1="1" ind2=" " tag="110"><subfield code="a">Academia Rpr</subfield></datafield><datafield ind1="1" ind2="0" tag="245"><subfield code="a">Dictionarul limbii romane literare contemporane</subfield><subfield code="b">Vol. al ii-lea d-l</subfield></datafield><datafield ind1=" " ind2=" " tag="260"><subfield code="a">Bucuresti</subfield><subfield code="b">Editura Academiei Rpr</subfield><subfield code="c">1956</subfield></datafield><datafield ind1=" " ind2=" " tag="300"><subfield code="a">813P</subfield></datafield><datafield ind1=" " ind2=" " tag="852"><subfield code="a">D.38</subfield><subfield code="c">SLG</subfield></datafield><datafield ind1=" " ind2=" " tag="CAT"><subfield code="a">Sys</subfield><subfield code="c">20130215</subfield><subfield code="h">132350</subfield></datafield></record></collection>